% Encoding: UTF-8

@Article{Cisco,
  author  = {Cisco},
  title   = {What Is Network Access Control?},
  journal = {Explanation of Network Access Control},
  year    = {2019},
  url     = {https://www.cisco.com/c/en/us/products/security/what-is-network-access-control-nac.html},
}

@Article{jerichosystems.net,
  author  = {jerichosystems.com},
  title   = {PBAC (Policy-Based Access Control)},
  journal = {What is PBAC?},
  year    = {2019},
  url     = {https://www.jerichosystems.com/technology/glossaryterms/policy_based_access_control.html},
}

@Article{Frost&Sullivan,
  author  = {Frost\&Sullivan},
  title   = {ISE is the Network Access Control Leader},
  journal = {Cisco's Identity Service Engine},
  year    = {2018},
  url     = {https://best-practices.frost-multimedia-wire.com/ciscosystems},
}

@Article{TC-NAC,
  author  = {Cisco},
  title   = {Configure Threat Centric NAC Service},
  journal = {What is Threat Centric NAC Service?},
  year    = {2017},
  url     = {https://www.cisco.com/c/en/us/td/docs/security/ise/2-3/admin_guide/b_ise_admin_guide_23/b_ise_admin_guide_23_chapter_010101.pdf},
}

@Article{juniper.net,
  author  = {juniper.net},
  title   = {IEEE 802.1x Port-Based Network Access Control Overview},
  journal = {What is Port-Based Network Access Control?},
  year    = {2019},
  date    = {2019-06-06},
  url     = {https://www.juniper.net/documentation/en_US/junos/topics/concept/interfaces-ieee-802-1x-port-based-network-access-control-overview.html},
}

@Article{CiscoISE,
  author  = {Cisco},
  title   = {What is Cisco ISE?},
  journal = {Cisco Identity Service Engine},
  year    = {2019},
  url     = {https://www.cisco.com/c/en/us/products/security/identity-services-engine/index.html},
}

@Comment{jabref-meta: databaseType:biblatex;}
